@misc{.4242023b,
  year    = {2023},
  title   = {Citation in wrong numerical order :/ : r/LaTeX},
  url     = {https://www.reddit.com/r/LaTeX/comments/k8tz0q/citation_in_wrong_numerical_order/},
  urldate = {4/24/2023}
}